@misc{course,
    author  = "IBM and Coursera",
    title   = "Applied Data Science Specialization",
    howpublished    = {\url{https://www.coursera.org/specializations/applied-data-sciencefour}},
    note = {Accessed: 2020-05-29}
}

@misc{courseNotebook,
    author  = "IBM and Coursera",
    title   = "Capstone Example Project Notebook",
    howpublished    = {\url{https://cocl.us/coursera_capstone_notebook}},
    note = {Accessed: 2020-05-29}
}

@misc{foursquare,
    author  = "Foursquare Developer",
    title   = "Foursquare Developer portal and API reference",
    howpublished    = {\url{https://developer.foursquare.com/}},
    note = {Accessed: 2020-05-29}
}

@misc{googleApi,
    author  = "Google Developer",
    title   = "Capstone Example Project Notebook",
    howpublished    = {\url{https://developers.google.com/maps/documentation}},
    note = {Accessed: 2020-05-29}
}